%% This BibTeX bibliography file was created using BibDesk.
%% http://bibdesk.sourceforge.net/


%% Created for Adriano Melo at 2011-06-12 00:47:11 -0300 


%% Saved with string encoding Western (ISO Latin 1) 



@article{Berners-Lee:1989fk,
	Author = {Tim Berners-Lee},
	Date-Modified = {2011-06-12 00:45:07 -0300},
	Journal = { },
	Title = {Information Management: A Proposal},
	Year = {1989}}
