%% This BibTeX bibliography file was created using BibDesk.
%% http://bibdesk.sourceforge.net/


%% Created for Adriano Melo at 2011-06-19 22:47:28 -0300 


%% Saved with string encoding Western (ISO Latin 1) 



@book{AIMA,
	Abstract = {{Presents a guide to artificial intelligence, covering such topics as intelligent agents, problem-solving, logical agents, planning, uncertainty, learning, and robotics.}},
	Author = {Russell, Stuart and Norvig, Peter},
	Date-Modified = {2011-06-19 22:46:37 -0300},
	Day = {30},
	Edition = {2},
	Howpublished = {Hardcover},
	Isbn = {0137903952},
	Month = dec,
	Posted-At = {2007-12-15 06:01:00},
	Priority = {2},
	Publisher = {Prentice Hall},
	Series = {Prentice Hall series in artificial intelligence},
	Title = {{Artificial Intelligence: A Modern Approach (2nd Edition)}},
	Url = {http://www.amazon.com/exec/obidos/redirect?tag=citeulike07-20\&path=ASIN/0137903952},
	Year = {2002},
	Bdsk-Url-1 = {http://www.amazon.com/exec/obidos/redirect?tag=citeulike07-20%5C&path=ASIN/0137903952}}

@book{Antoniou:2008,
	Author = {Antoniou, Grigoris and Harmelen, Frank van},
	Date-Modified = {2011-06-19 20:14:01 -0300},
	Edition = {2},
	Isbn = {0262012421, 9780262012423},
	Publisher = {The MIT Press},
	Title = {A Semantic Web Primer, 2nd Edition (Cooperative Information Systems)},
	Year = {2008}}

@webpage{buscape.com.br,
	Author = {Romero Rodrigues and Rodrigo Borges and Ronaldo Morita and Mario Letelier},
	Date-Added = {2011-06-18 22:37:54 -0300},
	Date-Modified = {2011-06-19 22:47:12 -0300},
	Lastchecked = {18 de julho de 2011},
	Month = {06},
	Title = {buscape.com.br},
	Url = {buscape.com.br},
	Urldate = {1999},
	Year = {1999},
	Bdsk-Url-1 = {buscape.com.br}}

@webpage{americanas.com,
	Author = {Carlos Alberto Sicupira},
	Date-Added = {2011-06-18 22:30:33 -0300},
	Date-Modified = {2011-06-18 22:40:45 -0300},
	Lastchecked = {18 de julho de 2011},
	Title = {americanas.com},
	Url = {americanas.com},
	Urldate = {1923},
	Bdsk-Url-1 = {americanas.com}}

@webpage{mercadolivre.com.br,
	Author = {Marcos Galperin},
	Date-Added = {2011-06-18 22:28:09 -0300},
	Date-Modified = {2011-06-18 22:40:32 -0300},
	Lastchecked = {18 de julho de 2011},
	Title = {mercadolivre.com.br},
	Url = {mercadolivre.com.br},
	Urldate = {1999},
	Year = {1999},
	Bdsk-Url-1 = {mercadolivre.com.br}}

@webpage{amazon.com,
	Author = {Jeff Bezos},
	Date-Added = {2011-06-18 22:19:44 -0300},
	Date-Modified = {2011-06-18 22:41:08 -0300},
	Lastchecked = {18 de julho de 2011},
	Title = {amazon.com},
	Url = {amazon.com},
	Urldate = {1995},
	Year = {1995},
	Bdsk-Url-1 = {amazon.com}}

@url{BernersLee:1989,
	Author = {Tim Berners-Lee},
	Date-Modified = {2011-06-17 23:39:57 -0300},
	Lastchecked = {12 de junho de 2011},
	Read = {1},
	Title = {Information Management: A Proposal},
	Urldate = {http://www.w3.org/History/1989/proposal.html},
	Year = {1989}}
